%
% references.bib -- Bibliography file for the paper mongekant
%
% (c) 2020 Autor, Hochschule Rapperswil
%

@article{mongekant:brenier,
author = {Brenier, Yann},
title = {Polar factorization and monotone rearrangement of vector-valued functions},
journal = {Communications on Pure and Applied Mathematics},
volume = {44},
number = {4},
pages = {375-417},
doi = {https://doi.org/10.1002/cpa.3160440402},
url = {https://onlinelibrary.wiley.com/doi/abs/10.1002/cpa.3160440402},
eprint = {https://onlinelibrary.wiley.com/doi/pdf/10.1002/cpa.3160440402},
year = {1991}
}

@misc{mongekant:ethlecture,
  author = {Alessio Figalli},
  title = {An introduction to optimal transport and Wasserstein gradient flows},
  url = {https://people.math.ethz.ch/~afigalli/General-optimal-transport-theory},
  year = {2019},
}

@book{mongekant:villani,
author = {Villani, C\'edric},
address = {Providence, R.I},
booktitle = {Topics in optimal transportation},
isbn = {082183312X},
language = {eng},
lccn = {2003040350},
publisher = {American Mathematical Society},
title = {Topics in optimal transportation },
year = {2003},
}

