%
% references.bib -- Bibliography file for the paper wirbelringe
%
% (c) 2020 Autor, Hochschule Rapperswil
%
% LTeX: enabled=false

@online{wirbelringe:bibtex,
	title = {BibTeX},
	url = {https://de.wikipedia.org/wiki/BibTeX},
	date = {2020-02-06},
	year = {2020},
	month = {2},
	day = {6}
}

@book{wirbelringe:numerical-analysis,
	title = {Numerical Analysis},
	author = {David Kincaid and Ward Cheney},
	publisher = {American Mathematical Society},
	year = {2002},
	isbn = {978-8-8218-4788-6},
	inseries = {Pure and applied undegraduate texts},
	volume = {2}
}

@article{wirbelringe:mendezmueller,
        author = { Tabea Méndez and Andreas Müller },
        title = { Noncommutative harmonic analysis and image registration },
        journal = { Appl. Comput. Harmon. Anal.},
        year = 2019,
        volume = 47,
        pages = {607--627},
        url = {https://doi.org/10.1016/j.acha.2017.11.004}
}

@Book{Wirbelringe:JournalHelmholz,
	title = {Journal für die reine und angewandte Mathematik},
	publisher = {de Gruyter},
	year = {1858},
	pages = {25 -- 55},
	url = {https://www.digizeitschriften.de/id/243919689_0055|log1},
	language = {ger},
}

@book{Wirbelringe:feynman1964lectures,
  author    = {Richard P. Feynman and Robert B. Leighton and Matthew Sands},
  title     = {The Feynman Lectures on Physics, Vol. II: Mainly Electromagnetism and Matter},
  year      = {1964},
  publisher = {Addison-Wesley},
  chapter   = {40},
  pages     = {40-1 -- 40-2},
  url       = {https://www.feynmanlectures.caltech.edu/II_40.html}
}

@book{Wirbelringe:WakeTurbulence,
  author    = {Civil Aviation Authority of New Zealand},
  title     = {Wake Turbulence},
  year      = {2024},
  publisher = {Civil Aviation Authority of New Zealand},
  pages 	= {8 -- 9},
  address   = {Lower Hutt, New Zealand},
  note      = {GAP safety booklet},
  url       = {https://www.caa.govt.nz/assets/publications/gaps/wake-turbulence.pdf}
}

@book{Wirbelringe:FuehrerdurchdieStroemungslehre,
  editor    = {Herbert Oertel jr.},
  title     = {Prandtl - Führer durch die Strömungslehre},
  year      = {2013},
  publisher = {Springer Vieweg Wiesbaden},
  pages 	= {211},
  isbn = {978-3-8348-2315-1}
}