%
% references.bib -- Bibliography file for the paper geoalgebra
%
% (c) 2020 Autor, Hochschule Rapperswil
%

@online{geoalgebra:bibtex,
  title = {BibTeX},
  url = {https://de.wikipedia.org/wiki/BibTeX},
  date = {2020-02-06},
  year = {2020},
  month = {2},
  day = {6},
}

@book{geoalgebra:numerical-analysis,
  title = {Numerical Analysis},
  author = {David Kincaid and Ward Cheney},
  publisher = {American Mathematical Society},
  year = {2002},
  isbn = {978-8-8218-4788-6},
  inseries = {Pure and applied undegraduate texts},
  volume = {2},
}

@article{geoalgebra:mendezmueller,
  author = { Tabea Méndez and Andreas Müller },
  title = { Noncommutative harmonic analysis and image registration },
  journal = { Appl. Comput. Harmon. Anal.},
  year = 2019,
  volume = 47,
  pages = {607--627},
  url = {https://doi.org/10.1016/j.acha.2017.11.004},
}


@book{geoalgebra:grassmann1844lineale,
  title = {Die lineale Ausdehnungslehre ein neuer Zweig der Mathematik:
           dargestellt und durch Anwendungen auf die {\"u}brigen Zweige der
           Mathematik, wie auch auf die Statik, Mechanik, die Lehre vom
           Magnetismus und die Krystallonomie erl{\"a}utert},
  author = {Grassmann, Hermann},
  volume = {1},
  year = {1844},
  publisher = {O. Wigand},
}


@inbook{geoalgebra:vince2009,
  title = "Applied Geometric Algebra",
  bookTitle = "Geometric Algebra: An Algebraic System for Computer Games and
               Animation",
  year = "2009",
  publisher = "Springer London",
  address = "London",
  pages = "139--182",
  abstract = "In this chapter we explore how geometric algebra can be used to
              resolve a variety of 2D and 3D geometric problems. In particular,
              we discover that the vector-bivector inner product is useful for
              rotating vectors and that the vector outer product is very useful
              in resolving problems where oriented areas are involved. To begin,
              we take a look at some simple geometric proofs and start with the
              familiar sine rule.",
  isbn = "978-1-84882-379-2",
  doi = "10.1007/978-1-84882-379-2_9",
  url = "https://doi.org/10.1007/978-1-84882-379-2_9",
}

@online{geoalgebra:gimbal-lock,
  title = {Gimbal-Lock},
  url = {https://de.wikipedia.org/wiki/Gimbal_Lock},
  date = {2025-08-28},
  year = 2025,
  month = 8,
  day = 28
}
