%
% references.bib -- Bibliography file for the paper particles
%
% (c) 2020 Autor, Hochschule Rapperswil
%

@online{particles:bibtex,
	title = {BibTeX},
	url = {https://de.wikipedia.org/wiki/BibTeX},
	date = {2020-02-06},
	year = {2020},
	month = {2},
	day = {6}
}

@book{particles:numerical-analysis,
	title = {Numerical Analysis},
	author = {David Kincaid and Ward Cheney},
	publisher = {American Mathematical Society},
	year = {2002},
	isbn = {978-8-8218-4788-6},
	inseries = {Pure and applied undegraduate texts},
	volume = {2}
}

@article{particles:mendezmueller,
        author = { Tabea Méndez and Andreas Müller },
        title = { Noncommutative harmonic analysis and image registration },
        journal = { Appl. Comput. Harmon. Anal.},
        year = 2019,
        volume = 47,
        pages = {607--627},
        url = {https://doi.org/10.1016/j.acha.2017.11.004}
}

@misc{particles:huygens-optics,
	title = {Turning {Waves} {Into} {Particles}},
	url = {https://www.youtube.com/watch?v=tMP5Pbx8I4s},
	urldate = {2025-08-30},
	author = {{Huygens Optics}},
	month = jan,
	year = {2025},
}

@article{particles:frequenzverdopplung,
  title = {Generation of Optical Harmonics},
  author = {Franken, P. A. and Hill, A. E. and Peters, C. W. and Weinreich, G.},
  journal = {Phys. Rev. Lett.},
  volume = {7},
  issue = {4},
  pages = {118--119},
  numpages = {3},
  year = {1961},
  month = {Aug},
  publisher = {American Physical Society},
  doi = {10.1103/PhysRevLett.7.118},
  url = {https://link.aps.org/doi/10.1103/PhysRevLett.7.118}
}

@article{particles:schwinger-limit,
  title = {On Gauge Invariance and Vacuum Polarization},
  author = {Schwinger, Julian},
  journal = {Phys. Rev.},
  volume = {82},
  issue = {5},
  pages = {664--679},
  numpages = {0},
  year = {1951},
  month = {Jun},
  publisher = {American Physical Society},
  doi = {10.1103/PhysRev.82.664},
  url = {https://link.aps.org/doi/10.1103/PhysRev.82.664}
}

@online{particles:atlas-experiment,
    title = {ATLAS observes light scattering off light},
    url = {https://atlas.cern/updates/briefing/atlas-observes-light-scattering-light},
    date = {2025-09-15},
    year = {2025},
    month = {9},
    day = {15}
}

@online{particles:repo-wavesim2d,
    title = {WaveSimulator2D -- 2D Wave Simulation on the GPU},
    url = {https://github.com/0x23/WaveSimulator2D/commit/16de78f7dd308f93fbd681fbafcbf7d2fc90b03a},
    date = {2025-09-15},
    year = {2025},
    month = {9},
    day = {15}
}
