%
% references.bib -- Bibliography file for the paper reaktdiff
%
% (c) 2020 Autor, Hochschule Rapperswil
%

@online{reaktdiff:bibtex,
	title = {BibTeX},
	url = {https://de.wikipedia.org/wiki/BibTeX},
	date = {2020-02-06},
	year = {2020},
	month = {2},
	day = {6}
}

@book{reaktdiff:numerical-analysis,
	title = {Numerical Analysis},
	author = {David Kincaid and Ward Cheney},
	publisher = {American Mathematical Society},
	year = {2002},
	isbn = {978-8-8218-4788-6},
	inseries = {Pure and applied undegraduate texts},
	volume = {2}
}

@article{reaktdiff:mendezmueller,
        author = { Tabea Méndez and Andreas Müller},
        title = { Noncommutative harmonic analysis and image registration },
        journal = { Appl. Comput. Harmon. Anal.},
        year = 2019,
        volume = 47,
        pages = {607--627},
        url = {https://doi.org/10.1016/j.acha.2017.11.004}
}

@online{reaktdiff:turing_patterns_2019,
  author       = {{Caltech BE150 Course Staff}},
  title        = {21. Turing Patterns},
  year         = {2019},
  url          = {http://be150.caltech.edu/2019/handouts/21_turing.html},
  note         = {Zugriff am 7. April 2025}
}

@online{reaktdiff:reaktionsdiffwikipedia,
  author       = {{Wikipedia contributors}},
  title        = {Reaktionsdiffusionsgleichung — Wikipedia{,} Die freie Enzyklopädie},
  year         = {2025},
  url          = {https://de.wikipedia.org/wiki/Reaktionsdiffusionsgleichung},
  note         = {Zugriff am 28. April 2025}
}

@online{reaktdiff:wikipedia_kpp_fisher,
  author       = {{Wikipedia contributors}},
  title        = {KPP–Fisher Equation — Wikipedia{,} The Free Encyclopedia},
  year         = {2025},
  url          = {https://en.wikipedia.org/wiki/KPP%E2%80%93Fisher_equation},
  note         = {Zugriff am 24. Mai 2025}
}

@book{reaktdiff:hoyle2006pattern,
  author       = {Rebecca B. Hoyle},
  title        = {Pattern Formation: An Introduction to Methods},
  year         = {2006},
  publisher    = {Cambridge University Press},
  address      = {Cambridge, UK},
  isbn         = {9780521817509},
  doi          = {10.1017/CBO9780511616051},
  url          = {https://www.cambridge.org/core/books/pattern-formation/23109FECE7CC066FEE52DC48CD8885CA}
}




