%
% references.bib -- Bibliography file for the paper openfoam
%
% (c) 2020 Autor, Hochschule Rapperswil
%

@online{openfoam:bibtex,
	title = {BibTeX},
	url = {https://de.wikipedia.org/wiki/BibTeX},
	date = {2020-02-06},
	year = {2020},
	month = {2},
	day = {6}
}

@book{openfoam:numerical-analysis,
	title = {Numerical Analysis},
	author = {David Kincaid and Ward Cheney},
	publisher = {American Mathematical Society},
	year = {2002},
	isbn = {978-8-8218-4788-6},
	inseries = {Pure and applied undegraduate texts},
	volume = {2}
}

@article{openfoam:mendezmueller,
        author = { Tabea Méndez and Andreas Müller },
        title = { Noncommutative harmonic analysis and image registration },
        journal = { Appl. Comput. Harmon. Anal.},
        year = 2019,
        volume = 47,
        pages = {607--627},
        url = {https://doi.org/10.1016/j.acha.2017.11.004}
}

@book{openfoam:greenshieldsweller2022,
	title     = "Notes on Computational Fluid Dynamics: General Principles",
	author    = "Greenshields, Christopher and Weller, Henry",
	year      = 2022,
	publisher = "CFD Direct Ltd",
	address   = "Reading, UK"
}

@Inbook{openfoam:Huber2025,
	author="Huber, Andreas",
	title="Grundlagen der CFD",
	bookTitle="Technische Mechanik 4 -- Hydromechanik",
	year="2025",
	publisher="Springer Berlin Heidelberg",
	address="Berlin, Heidelberg",
	pages="493--498",
	abstract="Sie lernen hier. . .",
	isbn="978-3-662-69231-8",
	doi="10.1007/978-3-662-69231-8_12",
	url="https://doi.org/10.1007/978-3-662-69231-8_12"
}

