%
% references.bib -- Bibliography file for the paper nerven
%
% (c) 2020 Autor, Hochschule Rapperswil
%

@online{nerven:bibtex,
	title = {BibTeX},
	url = {https://de.wikipedia.org/wiki/BibTeX},
	date = {2020-02-06},
	year = {2020},
	month = {2},
	day = {6}
}

@book{nerven:numerical-analysis,
	title = {Numerical Analysis},
	author = {David Kincaid and Ward Cheney},
	publisher = {American Mathematical Society},
	year = {2002},
	isbn = {978-8-8218-4788-6},
	inseries = {Pure and applied undegraduate texts},
	volume = {2}
}

@article{nerven:mendezmueller,
        author = { Tabea Méndez and Andreas Müller },
        title = { Noncommutative harmonic analysis and image registration },
        journal = { Appl. Comput. Harmon. Anal.},
        year = 2019,
        volume = 47,
        pages = {607--627},
        url = {https://doi.org/10.1016/j.acha.2017.11.004}
}
@phdthesis{nerven:InaLammers.31.08.2015,
 author = {{Ina Lammers}},
 year = {31.08.2015},
 title = {Das FitzHugh-Nagumo-Modell zur Beschreibung des Verhaltens von Neuronen},
 url = {https://oops.uni-oldenburg.de/2527/1/Masterarbeit%20von%20Ina%20Lammers.pdf},
 urldate = {26.08.2025},
 school = {{Carl von Ossietzky}}
}


@phdthesis{nerven:JensBrouwer.20.08.2007,
 author = {{Jens Brouwer}},
 year = {20.08.2007},
 title = {Das FitzHugh-Nagumo Modell einer Nervenzelle},
 url = {https://www.math.uni-hamburg.de/home/gunesch/Vorlesung/SoSe2007/Sem_DS_ODE/Vortrag/Brouwer.pdf},
 urldate = {26.08.2025},
 school = {{Universitaet Hamburg}}
}


@misc{nerven:JohnEcclesAlanHodgkinAndrewHuxley.,
 author = {{John Eccles, Alan Hodgkin, Andrew Huxley}},
 editor = {Animalresearch.info},
 title = {Die Entstehung des Aktionspotentials in Nervenzellen},
 url = {https://www.animalresearch.info/de/medizinischer-fortschritt/nobelpreise/the-generation-of-action-potential-nerves/}
}


@misc{nerven:rosadu.,
 author = {rosadu},
 title = {Nervenzelle Neuron, isoliert auf wei{\ss}em Hintergrund},
 url = {https://de.123rf.com/photo_63395689_nervenzelle-neuron-isoliert-auf-wei%C3%9Fem-hintergrund.html},
 urldate = {26.08.2025}
}



