%
% references.bib -- Bibliography file for the paper ueberschall
%
% (c) 2020 Autor, Hochschule Rapperswil
%

@online{ueberschall:bibtex,
	title = {BibTeX},
	url = {https://de.wikipedia.org/wiki/BibTeX},
	date = {2020-02-06},
	year = {2020},
	month = {2},
	day = {6}
}

@book{ueberschall:numerical-analysis,
	title = {Numerical Analysis},
	author = {David Kincaid and Ward Cheney},
	publisher = {American Mathematical Society},
	year = {2002},
	isbn = {978-8-8218-4788-6},
	inseries = {Pure and applied undegraduate texts},
	volume = {2}
}

@article{ueberschall:mendezmueller,
        author = { Tabea Méndez and Andreas Müller },
        title = { Noncommutative harmonic analysis and image registration },
        journal = { Appl. Comput. Harmon. Anal.},
        year = 2019,
        volume = 47,
        pages = {607--627},
        url = {https://doi.org/10.1016/j.acha.2017.11.004}
}

@article{Ackeret1928,
  author  = {Jakob Ackeret},
  title   = {Über Luftkräfte bei sehr grossen Geschwindigkeiten insbesondere bei ebenen Strömungen},
  journal = {Helvetica Physica Acta},
  volume  = {1},
  number  = {5},
  year    = {1928},
  pages   = {387--423},
  doi     = {10.5169/seals-109174},
  url     = {https://doi.org/10.5169/seals-109174},
  urldate = {2025-07-17},
  note    = {Accessed via e-periodica.ch}
}

@incollection{Ferrari1965,
  author    = {Carlo Ferrari},
  title     = {Bodies of Revolution Having Minimum Pressure Drag},
  booktitle = {Theory of Optimum Aerodynamic Shapes},
  editor    = {Angelo Miele},
  publisher = {Academic Press},
  address   = {New York},
  year      = {1965},
  pages     = {103--124},
}

@online{ETHeritage2020,
  title     = {Objekte aus dem Windkanal},
  author    = {{ETHeritage}},
  date      = {2020-11-20},
  organization = {ETH Zürich},
  url       = {https://etheritage.ethz.ch/2020/11/20/objekte-aus-dem-windkanal/},
  urldate   = {2025-07-22},
  note      = {Blogpost über historische Windkanalmodelle und Jakob Ackerets aerodynamische Forschung}
}

@misc{AckeretFoto1967,
  author    = {{ETH-Bibliothek Zürich}},
  title     = {Jakob Ackeret, 1967 (2)},
  year      = {1967},
  url       = {https://upload.wikimedia.org/wikipedia/commons/a/ad/Jakob_Ackeret_1967_%282%29.jpg},
  note      = {Fotografie, aufgenommen an der ETH Zürich, lizenziert unter CC BY-SA 4.0},
  urldate   = {2025-07-22}
}

@online{Mittelkaliber2020,
  title        = {Geschosse im Über- und Unterschall},
  author       = {{Schweizerische Mittelkaliber‑Schützengesellschaft}},
  date         = {2018-09-26},
  organization = {Mittelkaliber.ch},
  url          = {https://mittelkaliber.ch/geschosse-im-ueber-und-unterschall/},
  urldate      = {2025-08-02},
  note         = {Blogbeitrag zum Verhalten von Geschossen im Über‑ und Unterschallbereich}  
}
@online{ArmoryFarm50BMG,
  author       = {{Armory Farm}},
  title        = {12.7 × 99 mm (.50 Cal / .50 BMG) M33 FMJ Projectiles – 1000 Pieces},
  year         = {n.d.},
  url          = {https://armoryfarm.com/product/12-7-x-99-mm-50-cal-50-bmg-m33-fmj-projectiles-1000-pieces/},
  urldate      = {2025-08-02},
  note         = {Produktseite zu standardisierten .50 BMG M33 Vollmantelgeschossen (FMJ)}
}
