%
% references.bib -- Bibliography file for the paper maxwell
%
% (c) 2020 Autor, Hochschule Rapperswil
%

@online{maxwell:History_of_bioelectricity,
	title = {History of bioelectricity},
	url = {https://en.wikipedia.org/wiki/History_of_bioelectricity},
	date = {2025-05-08},
	year = {2025},
	month = {5},
	day = {8}
}

@online{maxwell:History_of_the_compass,
	title = {History of the compass},
	url = {https://en.wikipedia.org/wiki/History_of_the_compass},
	date = {2025-05-20},
	year = {2025},
	month = {5},
	day = {20}
}

@online{maxwell:History_of_electromagnetic_theory,
	title = {History of electromagnetic theory},
	url = {https://en.wikipedia.org/wiki/History_of_electromagnetic_theory},
	date = {2025-05-20},
	year = {2025},
	month = {5},
	day = {20}
}

@online{maxwell:Charles-Augustin_de_Coulomb,
	title = {Charles-Augustin de Coulomb},
	url = {https://en.wikipedia.org/wiki/Charles-Augustin_de_Coulomb},
	date = {2025-05-20},
	year = {2025},
	month = {5},
	day = {20}
}

@online{maxwell:Hans_Christian_Ørsted,
	title = {Hans Christian Ørsted},
	url = {https://de.wikipedia.org/wiki/Hans_Christian_Ørsted},
	date = {2025-05-20},
	year = {2025},
	month = {5},
	day = {20}
}

@online{maxwell:André-Marie_Ampère,
	title = {André-Marie Ampère},
	url = {https://de.wikipedia.org/wiki/André-Marie_Ampère},
	date = {2025-05-20},
	year = {2025},
	month = {5},
	day = {20}
}

@online{maxwell:Michael_Faraday,
	title = {Michael Faraday},
	url = {https://de.wikipedia.org/wiki/Michael_Faraday},
	date = {2025-05-20},
	year = {2025},
	month = {5},
	day = {20}
}

@online{maxwell:Gaußscher_Integralsatz,
	title = {Gaußscher Integralsatz},
	url = {https://de.wikipedia.org/wiki/Gaußscher_Integralsatz},
	date = {2025-05-20},
	year = {2025},
	month = {5},
	day = {20}
}

@online{maxwell:Carl_Friedrich_Gauß,
	title = {Carl Friedrich Gauß},
	url = {https://de.wikipedia.org/wiki/Carl_Friedrich_Gauß},
	date = {2025-05-20},
	year = {2025},
	month = {5},
	day = {20}
}

@online{maxwell:maxwell,
	title = {James Clerk Maxwell},
	url = {https://en.wikipedia.org/wiki/James_Clerk_Maxwell},
	date = {2025-08-17},
	year = {2025},
	month = {8},
	day = {17}
}

@online{maxwell:equasions,
	title = {History of Maxwell's equations},
	url = {https://en.wikipedia.org/wiki/History_of_Maxwell's_equations},
	date = {2025-08-17},
	year = {2025},
	month = {8},
	day = {17}
}

@online{maxwell:Heaviside,
	title = {Oliver Heaviside},
	url = {https://en.wikipedia.org/wiki/Oliver_Heaviside},
	date = {2025-08-17},
	year = {2025},
	month = {8},
	day = {17}
}

@book{maxwell:zitat,
	title = {A Treatise on Electricity and Magnetism},
	author = {James Clerk Maxwell},
	publisher = {Clarendon Press},
	year = {1873},
	isbn = {},
	inseries = {},
	volume = {}
}

@book{maxwell:maxwell:theory,
	title = {A dynamical theory of the electromagnetic field},
	author = {James Clerk Maxwell},
	publisher = {London : The Royal Society},
	year = {1865},
	isbn = {},
	inseries = {},
	volume = {}
}

@book{maxwell:numerical-analysis,
	title = {Numerical Analysis},
	author = {David Kincaid and Ward Cheney},
	publisher = {American Mathematical Society},
	year = {2002},
	isbn = {978-8-8218-4788-6},
	inseries = {Pure and applied undegraduate texts},
	volume = {2}
}

@article{maxwell:mendezmueller,
        author = { Tabea Méndez and Andreas Müller },
        title = { Noncommutative harmonic analysis and image registration },
        journal = { Appl. Comput. Harmon. Anal.},
        year = 2019,
        volume = 47,
        pages = {607--627},
        url = {https://doi.org/10.1016/j.acha.2017.11.004}
}

