%
% references.bib -- Bibliography file for the paper neuronal
%
% (c) 2020 Autor, Hochschule Rapperswil
%

% \cite{neuronal:bibtex}

@article{neuronal:universal_approximation_theorem,
	auhor = {Hornik et al.},
	title = {Multilayer feedforward networks are universal approximators},
	journal = {Neural Networks},
	year = {1989},
	volume = {2},
	pages = {359--366},
	url = {https://doi.org/10.1016/0893-6080(89)90020-8}
}

@article{neuronal:pinns,
	author = {Raissi et al.},
	title = {Physics-informed neural networks: A deep learning framework for solving forward and inverse problems involving nonlinear partial differential equations},
	journal = {Journal of Computational Physics},
	year = {2019},
	volume = {378},
	pages = {686--707},
	url = {https://doi.org/10.1016/j.jcp.2018.10.045}
}

@article{neuronal:fourier_features,
  author = {Tancik et al.},
  journal = {NeurIPS},
  title = {Fourier Features Let Networks Learn High Frequency Functions in Low Dimensional Domains},
  year = {2020},
  url = {https://proceedings.neurips.cc/paper/2020/file/55053683268957697aa39fba6f231c68-Paper.pdf}
}

@online{neuronal:github_source_code,
	title = {Source Code für die Wellen- und Burgers-Gleichung},
	url = {https://github.com/AndreasFMueller/SeminarFelder/tree/master/buch/papers/neuronal/src}
}

@online{neuronal:bibtex,
	title = {BibTeX},
	url = {https://de.wikipedia.org/wiki/BibTeX},
	date = {2020-02-06},
	year = {2020},
	month = {2},
	day = {6}
}

@book{neuronal:numerical-analysis,
	title = {Numerical Analysis},
	author = {David Kincaid and Ward Cheney},
	publisher = {American Mathematical Society},
	year = {2002},
	isbn = {978-8-8218-4788-6},
	inseries = {Pure and applied undegraduate texts},
	volume = {2}
}

@article{neuronal:mendezmueller,
        author = { Tabea Méndez and Andreas Müller },
        title = { Noncommutative harmonic analysis and image registration },
        journal = { Appl. Comput. Harmon. Anal.},
        year = 2019,
        volume = 47,
        pages = {607--627},
        url = {https://doi.org/10.1016/j.acha.2017.11.004}
}

