%
% references.bib -- Bibliography file for the paper mongeampere
%
% (c) 2020 Autor, Hochschule Rapperswil
%

@online{mongeampere:bibtex,
	title = {BibTeX},
	url = {https://de.wikipedia.org/wiki/BibTeX},
	date = {2020-02-06},
	year = {2020},
	month = {2},
	day = {6}
}

@book{mongeampere:numerical-analysis,
	title = {Numerical Analysis},
	author = {David Kincaid and Ward Cheney},
	publisher = {American Mathematical Society},
	year = {2002},
	isbn = {978-8-8218-4788-6},
	inseries = {Pure and applied undegraduate texts},
	volume = {2}
}

@article{mongeampere:mendezmueller,
        author = { Tabea Méndez and Andreas Müller },
        title = { Noncommutative harmonic analysis and image registration },
        journal = { Appl. Comput. Harmon. Anal.},
        year = 2019,
        volume = 47,
        pages = {607--627},
        url = {https://doi.org/10.1016/j.acha.2017.11.004}
}

@misc{mongeampere:figalli2018mongeampereequation,
      title={On the Monge-Amp\`ere equation}, 
      author={Alessio Figalli},
      year={2018},
      eprint={1805.05028},
      archivePrefix={arXiv},
      primaryClass={math.AP},
      url={https://arxiv.org/abs/1805.05028}, 
}

@book{mongeampere:smirnow,
      title={Lehrgang der höheren Mathematik},
      volume={2},
      author={W. I. Smirnow},
      year={1965},
      publisher={Deutscher Verlag der Wissenschaften},
      address={Berlin}
}
