%
% references.bib -- Bibliography file for the paper parallelisierung
%
% (c) 2020 Autor, Hochschule Rapperswil
%

@online{parallelisierung:bibtex,
	title = {BibTeX},
	url = {https://de.wikipedia.org/wiki/BibTeX},
	date = {2020-02-06},
	year = {2020},
	month = {2},
	day = {6}
}

@book{parallelisierung:numerical-analysis,
	title = {Numerical Analysis},
	author = {David Kincaid and Ward Cheney},
	publisher = {American Mathematical Society},
	year = {2002},
	isbn = {978-8-8218-4788-6},
	inseries = {Pure and applied undegraduate texts},
	volume = {2}
}

@article{parallelisierung:mendezmueller,
        author = { Tabea Méndez and Andreas Müller },
        title = { Noncommutative harmonic analysis and image registration },
        journal = { Appl. Comput. Harmon. Anal.},
        year = 2019,
        volume = 47,
        pages = {607--627},
        url = {https://doi.org/10.1016/j.acha.2017.11.004}
}

@techreport{parallelisierung:ecmwf2023,
	author       = {{ECMWF}},
	title        = {{IFS Documentation – CY48R1: Part VI – Technical and Computational Procedures}},
	institution  = {European Centre for Medium-Range Weather Forecasts},
	year         = {2023},
	type         = {Technical Report},
	url          = {https://www.ecmwf.int/sites/default/files/elibrary/2023/81372-ifs-documentation-cy48r1-part-vi-technical-and-computational-procedures.pdf},
	note         = {Zugriff am 7. August 2025}
}

@article{parallelisierung:dai2012,
	author    = {Xuewu Dai and Wuxiong Zhang and Jing Xu and John E Mitchell and Yang Yang},
	title     = {A Kalman interpolation filter for channel estimation of LTE},
	journal   = {EURASIP Journal on Wireless Communications and Networking},
	year      = {2012},
	article   = {232},
	publisher = {SpringerOpen},
	doi       = {10.1186/1687-1499-2012-232},
	url       = {https://jwcn-eurasipjournals.springeropen.com/articles/10.1186/1687-1499-2012-232}
}

@book{parallelisierung:fourier1822,
	author    = {Jean Baptiste Joseph Fourier},
	title     = {Théorie analytique de la chaleur},
	publisher = {Firmin Didot},
	address   = {Paris},
	year      = {1822},
	note      = {Historische Quelle zur Wärmeleitungsgleichung}
}

@article{parallelisierung:vonneumann1950,
	author  = {John von Neumann and Robert D. Richtmyer},
	title   = {A Method for the Numerical Calculation of Hydrodynamic Shocks},
	journal = {Journal of Applied Physics},
	volume  = {21},
	number  = {3},
	pages   = {232--237},
	year    = {1950},
	doi     = {10.1063/1.1699639},
	note    = {Klassische Referenz zur von-Neumann-Stabilitätsanalyse}
}

@misc{parallelisierung:MITnotes2022,
	author       = {{MIT Department of Mathematics}},
	title        = {Notes: von Neumann Stability Analysis},
	year         = {2022},
	howpublished = {Online-Lehrskript},
	url          = {https://math.mit.edu/classes/18.300/Notes/Notes_vNSA.pdf},
	note         = {Zugriff am 04.09.25}
}

@book{parallelisierung:smith1996,
	author    = {Barry F. Smith and Petter E. Bjørstad and William Gropp},
	title     = {Domain Decomposition: Parallel Multilevel Methods for Elliptic Partial Differential Equations},
	publisher = {Cambridge University Press},
	pages   = {7-10},
	year      = {1996},
	isbn      = {978-0521583646}
}

@book{parallelisierung:quarteroniValli1999,
	author    = {Alfio Quarteroni and Alberto Valli},
	title     = {Domain Decomposition Methods for Partial Differential Equations},
	publisher = {Oxford University Press},
	pages   = {6-9},
	year      = {1999},
	isbn      = {978-0198501783}
}


@article{parallelisierung:gander2019,
	author  = {Martin J. Gander and Felix Kwok and Bankim C. Mandal},
	title   = {Convergence of Substructuring Methods for Elliptic Optimal Control Problems},
	publisher = {Springer Cham},
	year    = {2019},
	isbn    ={978-3319938738}
}

