%
% references.bib -- Bibliography file for the paper helmholtz
%
% (c) 2025 Joel Rechsteiner, Hochschule Rapperswil
%
@article{helmholtz:paper,
	author = {J. Adin Mann and Jiri Tichy and Anthony J. Romano},
	title = {Instantaneous and Time-averaged Energy Transfer in Acoustic Fields},
	year = 1987,
	doi = {10.1121/1.395562},
	journal = {J. Acoust. Soc. Am.},
	volume = {82},
	pages = {17--30}
}

@online{baird_helmholtz,
	author = {Christopher S. Baird},
	title = {What is the Helmholtz Decomposition?},
	year = {2015},
	month = {jan},
	url = {https://www.wtamu.edu/~cbaird/sq/2015/01/22/what-is-the-helmholtz-decomposition/},
	urldate = {2025-08-25}
}

@online{wiki:helmholtz,
  author    = {{Wikipedia contributors}},
  title     = {Helmholtz decomposition --- {Wikipedia}{,} The Free Encyclopedia},
  year      = {2025},
  url       = {https://en.wikipedia.org/w/index.php?title=Helmholtz_decomposition&oldid=1234423853},
  note      = {[Online; accessed 26-August-2025]},
  urldate   = {2025-08-26}
}