%
% references.bib -- Bibliography file for the paper diffortho
%
% (c) 2020 Autor, Hochschule Rapperswil
%

@online{diffortho:ref:wikipedia,
	title = {Orthogonale Koordinaten},
	url = {https://de.wikipedia.org/wiki/Orthogonale_Koordinaten},
	date = {2025-02-25},
	year = {2025},
	month = {2},
	day = {25}
}

