%
% references.bib -- Bibliography file for the paper elastomechanik
%
% (c) 2020 Autor, Hochschule Rapperswil
%

@online{elastomechanik:Isotropie,
	title = {Constitutive Laws: Classification of Material Mechanical Response},
	url = {https://engcourses-uofa.ca/books/introduction-to-solid-mechanics/constitutive-laws/classification-of-material-mechanical-response/},
	date = {2025-04-10},
	year = {2025},
	month = {4},
	day = {10}
}

@book{elastomechanik:numerical-analysis,
	title = {Numerical Analysis},
	author = {David Kincaid and Ward Cheney},
	publisher = {American Mathematical Society},
	year = {2002},
	isbn = {978-8-8218-4788-6},
	inseries = {Pure and applied undegraduate texts},
	volume = {2}
}

@article{elastomechanik:mendezmueller,
        author = { Tabea Méndez and Andreas Müller },
        title = { Noncommutative harmonic analysis and image registration },
        journal = { Appl. Comput. Harmon. Anal.},
        year = 2019,
        volume = 47,
        pages = {607--627},
        url = {https://doi.org/10.1016/j.acha.2017.11.004}
}

