%
% references.bib -- Bibliography file for the paper poinbendix
%
% (c) 2020 Autor, Hochschule Rapperswil
%

@online{poinbendix:wiki,
	title = {Wikipedia: Poincar√©-Bendixson},
	url = {https://de.wikipedia.org/wiki/Satz_von_Poincar%C3%A9-Bendixson},
	date = {2025-07-12},
	year = {2025},
	month = {7},
	day = {12}
}

@book{poinbendix:melo,
	title = {Geometric Theory of Dynamical Systems},
	author = {Jacob Palis and Welington de Melo},
	publisher = {Springer Verlag},
	year = {1982},
	isbn = {3-540-90668-1},
}

