%
% references.bib
%
% (c) 2020 Prof Dr Andreas M端ller, Hochschule Rapperswil
%

@book{buch:linalg,
	title = { Lineare Algebra: Eine anwendungsorientierte Einf端hrung },
	author = { Andreas M端ller },
	year = 2023,
	publisher = { Springer Vieweg },
	ISBN = { 978-3-662-67865-7 },
	doi = { https://doi.org/10.1007/978-3-66267866-4 }
}

@online{buch:repo,
	subtitle = {Source Code Repository},
	author = {Andreas M端ller},
	url = { https://github.com/AndreasFMueller/SeminarFelder.git },
	DAY = 6,
	MONTH = {february},
	YEAR = 2025
}

@online{buch:library:gsl,
	title = {GNU scientific library},
	version = {2.7},
	year = 2021,
	month = 6,
	day = 1
}

