%
% references.bib -- Bibliography file for the paper rossby
%
% (c) 2020 Autor, Hochschule Rapperswil
%

@online{rossby:bibtex,
	title = {BibTeX},
	url = {https://de.wikipedia.org/wiki/BibTeX},
	date = {2020-02-06},
	year = {2020},
	month = {2},
	day = {6}
}

@book{rossby:numerical-analysis,
	title = {Numerical Analysis},
	author = {David Kincaid and Ward Cheney},
	publisher = {American Mathematical Society},
	year = {2002},
	isbn = {978-8-8218-4788-6},
	inseries = {Pure and applied undegraduate texts},
	volume = {2}
}

@article{rossby:mendezmueller,
        author = { Tabea Méndez and Andreas Müller },
        title = { Noncommutative harmonic analysis and image registration },
        journal = { Appl. Comput. Harmon. Anal.},
        year = 2019,
        volume = 47,
        pages = {607--627},
        url = {https://doi.org/10.1016/j.acha.2017.11.004}
}

@article{rossby:1939relation,
  title={Relation between variations in the intensity of the zonal circulation of the atmosphere and the displacements of the permanent centers of action},
  author={Rossby, C.G. and Willett, H.C. and Holmboe, J. and Namias, J. and Page, L. and Allen, R. and others},
  year={1939}
}

@article{rossby:1940planetary,
  title={Planetary flow patterns in the atmosphere},
  author={Rossby, C-G},
  journal={Quarterly Journal of the Royal Meteorological Society},
  volume={66},
  pages={68--87},
  year={1940},
  publisher={Wiley Online Library}
}

@article{rossby:petoukhov2013,
  author    = {V. Petoukhov and S. Rahmstorf},
  title     = {Quasiresonant amplification of planetary waves and recent Northern Hemisphere weather extremes},
  journal   = {Proceedings of the National Academy of Sciences},
  year      = {2013},
  volume    = {110},
  number    = {14},
  pages     = {5336--5341},
  doi       = {10.1073/pnas.1222000110}
}
