%
% references.bib -- Bibliography file for the paper schall
%
% (c) 2020 Autor, Hochschule Rapperswil
%

@book{schall:landaulifschitz,
  title     = {Lehrbuch der theoretischen Physik, Band VI: Hydrodynamik},
  author    = {Landau, L. D. and Lifschitz, J. M.},
  publisher = {Europa-Lehrmittel},
  year      = {2001},
  isbn      = {978-3-8085-5588-0}
}

@book{schall:gurtin,
  title     = {An Introduction to Continuum Mechanics},
  author    = {Gurtin, Morton E.},
  publisher = {Academic Pr Inc},
  year      = {1981},
  isbn      = {978-0-12-309750-7}
}

@book{schall:kinsler,
  title     = {Fundamentals of Acoustics},
  author    = {Kinsler, L. E. and Frey, A. R. and Coppens, A. B. and Sanders, J. V.},
  publisher = {Wiley},
  year      = {2000},
  edition   = {4},
  isbn      = {978-0-471-84789-2}
}

@online{schall:allenRT,
  author = {Oelze, Eric},
  title  = {Chapter 6 – Reflection and Transmission},
  url    = {https://jontalle.web.engr.illinois.edu/uploads/473.F18/Lectures/Chapter_6a.pdf},
  year   = {},
  note   = {Vorlesungsnotizen, University of Illinois Urbana-Champaign}
}

@online{schall:russell,
  author = {Russell, Daniel A.},
  title  = {Absorption Coefficients and Impedance},
  url    = {https://www.acs.psu.edu/drussell/Demos/SWR/AbsorptionCoeff.pdf},
  year   = {},
  note   = {Acoustics and Vibration Animations, Penn State University}
}

@online{schall:allenAbsorption,
  author = {Oelze, Eric},
  title  = {Chapter 8 – Absorption and Attenuation of Sound},
  url    = {https://jontalle.web.engr.illinois.edu/uploads/473.F18/Lectures/Chapter_8.pdf},
  year   = {},
  note   = {Vorlesungsnotizen, University of Illinois Urbana-Champaign}
}

@online{schall:wikiSnell,
  title = {Snell's law},
  url   = {https://en.wikipedia.org/wiki/Snell%27s_law},
  year  = {2025},
  month = {8},
  note  = {Wikipedia, letzte Änderung am 2025-08-07}
}

@book{schall:will,
  title     = {Hydraulik: Grundlagen, Komponenten, Schaltungen},
  author    = {Dieter Will and Norbert Gebhardt and Dieter Herschel and Reiner Nollau},
  publisher = {Springer Berlin, Heidelberg},
  year      = {2008},
  edition   = {4},
  isbn      = {978-3-540-79535-3}
}

@book{schall:whitham,
  author    = {Whitham, G. B.},
  title     = {Linear and Nonlinear Waves},
  series    = {Pure and Applied Mathematics},
  publisher = {Wiley{-}Interscience},
  year      = {1999},
  isbn      = {0-471-35942-4},
}

@article{schall:seebassgeorge,
  author    = {George, A. R. and Seebass, R.},
  title     = {Sonic boom minimization including both front and rear shocks},
  journal   = {Aerospace Research Central},
  year      = {1971},
  month     = {oct},
  doi       = {10.2514/3.6478},
}

@techreport{schall:darden75,
  author      = {Darden, Christine M.},
  title       = {Minimization of Sonic{-}boom Parameters in Real and Isothermal Atmospheres},
  institution = {NASA},
  year        = {1975},
  type        = {NASA Technical Note},
  number      = {NASA TN D{-}7842},
}

@article{schall:rallabhandi2023,
  author    = {Rallabhandi, Sriram K. and Nemec, Marian and Aftosmis, Michael J.},
  title     = {Recent Enhancements to Modeling Sonic Boom Propagation using Augmented Burgers' Equation},
  journal   = {Aerospace Research Central},
  year      = {2023},
  month     = {jun},
  doi       = {10.2514/6.2023-3727}
  }

@article{schall:burgersJASA,
  author    = {Yamamoto, Masafumi and Hashimoto, Atsushi and Aoyama, Takashi and Sakai, Takeharu},
  title     = {A unified approach to an augmented Burgers equation for the propagation of sonic booms},
  journal   = {Journal of the Acoustical Society of America},
  year      = {2015},
  volume    = {137},
  number    = {4},
  pages     = {1857-1866},
  doi       = {110.1121/1.4916833}
}

@inproceedings{schall:x59pldb,
  author    = {Doebler, William J. and Rathsam, Jonathan},
  title     = {How loud is X{-}59's shaped sonic boom?},
  journal   = {Acoustic Society of America},
  year      = {2019},
  month     = {may},
}
